%% LaTeX2e file `report.bib'
%% generated by the `filecontents' environment
%% from source `report' on 2017/11/22.
%%
@article{singh2014,
author = {Dhananjay, Singh and Gaurav, Tripathi},
year = {2014},
month = {03},
pages = {},
title = {A Survey of Internet-of-Things: Future Vision, Architecture, Challenges and Services},
journaltitle = {2014 IEEE World Forum on Internet of Things, WF-IoT 2014}
}
@online{arduinoblog,
author = {Arduino},
title = {Arduino Blog},
year = {2017},
url = {https://blog.arduino.cc},
OPTnote = {Acessado em 24 de Abril de 2017}
}
@article{santanna2012,
author = {Francisco Sant’Anna and
Noemi de La Rocque Rodriguez and
Roberto Ierusalimschy},
title = {CÉU: Embedded, Safe, and
Reactive},
journaltitle = {Monografias em Ciência da Computação},
year = {2012},
volume = {9},
issn = {0103-9741}
}
@online{githubceuarduino,
author = {Francisco Sant'Anna},
title = {GitHub Céu-Arduino},
year = {2017},
url = {https://github.com/fsantanna/ceu-arduino},
note = {Acessado em 24 de Abril de 2017}
}
@article{wortmann2015,
author = {Felix Wortmann and Kristina Flütcher},
year = {2015},
pages = {221-224},
title = {Internet of Things - Technology and Value Added},
journaltitle = {Business \& Information Systems Engineering},
volume = {57},
issue = {3}
}
@periodical{chui2010,
editor = {Michael Chui and Markus Löffer and Roger Roberts},
title = {The Internet of Things},
year = {2010},
series = {McKinsey Quarterly},
month = {Março},
url = {https://www.mckinsey.com/industries/high-tech/our-insights/the-internet-of-things}
}
@ARTICLE{edwards1997,
author={S. Edwards and L. Lavagno and E. A. Lee and A. Sangiovanni-Vincentelli},
journal={Proceedings of the IEEE},
title={Design of embedded systems: formal models, validation, and synthesis},
year={1997},
volume={85},
number={3},
pages={366-390},
keywords={application specific integrated circuits;computer architecture;formal specification;formal verification;logic design;real-time systems;systems analysis;ASIC;application-specific integrated circuits;concurrent design process;embedded software;embedded systems design;formal models;formal validation;heterogeneous systems;reactive real-time system design;specification;Application software;Application specific integrated circuits;Computer architecture;Consumer electronics;Embedded computing;Embedded system;Hardware;Microcontrollers;Real time systems;Safety},
doi={10.1109/5.558710},
ISSN={0018-9219},
month={Mar},}
@online{githubceu,
author = {Francisco Sant'Anna},
title = {GitHub Céu},
year = {2017},
url = {https://github.com/fsantanna/ceu},
note = {Acessado em 24 de Abril de 2017}
}
@manual{atmegadatasheet,
author = {AtMel},
title = {AtMel ATmega328/P DATASHEET},
year = {2016},
organization = {ATMel},
}

